<?xml version="1.0" encoding="UTF-8"?><collection xmlns="http://www.loc.gov/MARC21/slim"><record><leader>00386nam--2200121-i-4500</leader><controlfield tag="001">000016432</controlfield><controlfield tag="002">20161230</controlfield><controlfield tag="005">20161230201031</controlfield><controlfield tag="008">060222s1000------------r-----000-0-eng-d</controlfield><datafield ind1=" " ind2=" " tag="100"><subfield code="a">Aebischer,Daniel</subfield></datafield><datafield ind1=" " ind2=" " tag="245"><subfield code="a">Etude de la section efficace differentiale p-p dans la region d interference coulimbienne a 285,348,4l4 et 456 mev.these</subfield></datafield><datafield ind1=" " ind2=" " tag="260"><subfield code="a">Geneva,Universite,1975. 74 P</subfield></datafield><datafield ind1=" " ind2=" " tag="852"><subfield code="a">78245</subfield></datafield></record></collection>